<?xml version="1.0" encoding="UTF-8"?><collection><record><leader>06284ntm a2200565 a 4500</leader><controlfield tag="001">006837416</controlfield><controlfield tag="003">MiAaHDL</controlfield><controlfield tag="005">20190719000000.0</controlfield><controlfield tag="006">m        d        </controlfield><controlfield tag="007">cr bn ---auaua</controlfield><controlfield tag="008">090709s1857    xx            00| ||per d</controlfield><datafield tag="035" ind1=" " ind2=" "><subfield code="a">(MiU)006837416</subfield></datafield><datafield tag="035" ind1=" " ind2=" "><subfield code="a">sdr-miu006837416</subfield></datafield><datafield tag="040" ind1=" " ind2=" "><subfield code="a">MiU</subfield><subfield code="c">MiU</subfield><subfield code="e">amremm</subfield></datafield><datafield tag="043" ind1=" " ind2=" "><subfield code="a">n-us-mi</subfield><subfield code="a">f------</subfield><subfield code="a">a------</subfield><subfield code="a">aw-----</subfield></datafield><datafield tag="100" ind1="1" ind2=" "><subfield code="6">880-01</subfield><subfield code="a">Shīrvānī, Zayn al-ʻĀbidīn,</subfield><subfield code="d">1780-1837 or 1838.</subfield></datafield><datafield tag="245" ind1="1" ind2="0"><subfield code="6">880-03</subfield><subfield code="a">Ḥadāʼiq al-siyāḥah,</subfield><subfield code="f">[1274, i.e. 1857].</subfield></datafield><datafield tag="246" ind1="3" ind2=" "><subfield code="a">Ḥadāyiq al-siyāḥah</subfield></datafield><datafield tag="246" ind1="3" ind2=" "><subfield code="a">حدايق السياحة</subfield></datafield><datafield tag="260" ind1=" " ind2=" "><subfield code="c">[1857].</subfield></datafield><datafield tag="300" ind1=" " ind2=" "><subfield code="a">287 leaves :</subfield><subfield code="b">paper ;</subfield><subfield code="c">355 x 215 (270 x 155) mm.</subfield></datafield><datafield tag="500" ind1=" " ind2=" "><subfield code="a">Shelfmark: Ann Arbor, University of Michigan, Special Collections Library, Isl. Ms. 881</subfield></datafield><datafield tag="500" ind1=" " ind2=" "><subfield code="a">Origin: As appears in scribal colophon on p.586, transcription completed 3 Jumādá I 1274 [ca. 20 December 1857]. As appears in preceding authorial colophon (also on p.586), composition completed in Shīrāz on ʻĪd al-Ghadīr 18 Dhū al-Ḥijjah 1242 [ca. 13 July 1827].</subfield></datafield><datafield tag="500" ind1=" " ind2=" "><subfield code="a">Accompanying materials: a. Scrap with title in ink "Hadīqat as-Siyāḥat" (paginated pp.1-2) -- b. Recycled card with notes in handwriting of Emilie Savage-Smith [?] "Geog. dict. | colophon gives date | rubrication becomes more &amp; more purple the more recent the MS." (paginated pp.3-4) -- c. Slip with note "Persian MSS (Heyworth-Dunne? No Husselman or Meredith-Owens notes" (paginated pp.5-6).</subfield></datafield><datafield tag="500" ind1=" " ind2=" "><subfield code="a">Former shelfmark: Mich. Isl. Ms. temp. no. 30</subfield></datafield><datafield tag="500" ind1=" " ind2=" "><subfield code="a">Binding: Pasteboards covered in tan leather ; Type III binding (without flap) ; board linings and hinges in a teal wove paper ; upper and lower covers carry blind-stamped scalloped mandorla (filled with vegetal composition) and pendants as well as border in blind rules ; small label on spine carries inscription in French "Dict Géographique Persan" ; sewn in dark pink and lime green thread, two stations ; worked chevron endbands in pink and yellow, fairly good condition (tab extends from spine leather) ; overall in somewhat poor condition with lower cover fully detached, some abrasion, staining, lifting and losses of spine leather, etc.</subfield></datafield><datafield tag="500" ind1=" " ind2=" "><subfield code="a">Support: Wove paper ; highly sized and burnished to glossy, dark cream in color.</subfield></datafield><datafield tag="500" ind1=" " ind2=" "><subfield code="a">Decoration: Keywords and headings rubricated ; overlining in red ; textual dividers in the form of inverted commas, hāʼ, etc. in red.</subfield></datafield><datafield tag="500" ind1=" " ind2=" "><subfield code="a">Script: Nastaʻlīq ; compact, elegant hand ; serifless with slight effect of words descending to baseline, some elongation of horizontal strokes, pointing (two and three dots) in distinct or conjoined dots ; passages in Arabic (Qurʼānic excerpts, etc.) in a fine Persianate naskh.</subfield></datafield><datafield tag="500" ind1=" " ind2=" "><subfield code="a">Layout: Written in 23 lines per page ; frame-ruled.</subfield></datafield><datafield tag="500" ind1=" " ind2=" "><subfield code="a">Collation: i, 24 IV(192), IV+1 (201), IV-2 (207), 10 IV(287), i ; exclusively quaternions ; catchwords present ; pagination in pencil, Western numerals, supplied during digitization (includes inserts and fyleaves and skips ahead four pages following p.15 with p.20).</subfield></datafield><datafield tag="500" ind1=" " ind2=" "><subfield code="a">Colophon: "Authorial," triangular, in Arabic, reads "قد فرغ من تاليف هذا الكتاب بعون الملك الوهاب المسمى بحدايق السياحة فى بلدة الشيراز فى يوم السبت ثمان وعشر من شهر ذيحجة الحرام اعنى فى عيد الغدير سنة اثنتين واربعين ومائتين بعد الالف من الهجرة النبوية عليه الف الف الصلوات والتحية" ; "Scribal," triangular, reads "قد كان الفراغ من استنساخه فى يويوم [يوم] الاحد ثلث من شهر جمادى الاول سنة اربع وسبعين ومائتين بعد الالف من الهجرة النبوية صلى الله عليه واله خير البريه تمت اتمام شد ..."</subfield></datafield><datafield tag="500" ind1=" " ind2=" "><subfield code="a">Explicit: "با کمال لطف عالم گیر یاد"</subfield></datafield><datafield tag="500" ind1=" " ind2=" "><subfield code="a">Incipit: "حدایق حمد و ثنا و ریاض سپاس بیمنتها مختص واجب الوجودی است ... اما بعد بر ر ای معرفت مد اثر ... الفقیر الحقیر الجانی بن اسکندر زین العابدین الشیروانى احسن الله الیه وغفر الله لوالدیه ... چون این مجموعه از ریاحین الطاف لطایف ... موسوم بحدایق السیاحة کردید و ذکر دیار و امصار را بترتیب حروف ..."</subfield></datafield><datafield tag="500" ind1=" " ind2=" "><subfield code="a">Title from opening matter on p.13 and colophon on p.586.</subfield></datafield><datafield tag="500" ind1=" " ind2=" "><subfield code="a">Ms. codex.</subfield></datafield><datafield tag="510" ind1="4" ind2=" "><subfield code="a">Richard, Y. "Zayn al- ʻĀbidīn SHīrwānī," in EI2,</subfield><subfield code="c">vol. XI, p.484, col. 1</subfield></datafield><datafield tag="520" ind1="8" ind2=" "><subfield code="a">Fine copy of a work by Zayn al-ʻĀbidīn al-Shīrvānī (d.1837) relating his extensive travels and Ṣūfic thought, completed in Shīrāz in 1827 before his departure on a final pilgrimage to Mecca, after completion of his Riyāz̤ al-siyāḥah (composed 1237/1821-2) and before completion of his Bustān al-siyāḥah (composed 1248/1833).</subfield></datafield><datafield tag="538" ind1=" " ind2=" "><subfield code="a">Mode of access: Internet.</subfield></datafield><datafield tag="541" ind1=" " ind2=" "><subfield code="c">Gift ;</subfield><subfield code="a">Acquired from Frank E. Nuttall (1875-1943).</subfield></datafield><datafield tag="546" ind1=" " ind2=" "><subfield code="a">Persian.</subfield></datafield><datafield tag="561" ind1=" " ind2=" "><subfield code="a">Inscription on upper board lining "her suer 1910" ; possible former inventory marks "156," "2," and "C. 7750." on verso of front flyleaf (p.8) ; inscription in brown and black ink on 'title page' (p.9), in French, reads "Hadiket elsiahat | Dictionnaire géographique de il Djāni ibn Iskender zen ol abidin el shirvāni - 1242 H | copié sur le manuscrit-original à Tehéran en 1274 H = 1857 A D." ; traces of words to be rubricated provided in margins (mainly cut off).</subfield></datafield><datafield tag="600" ind1="1" ind2="0"><subfield code="a">Shīrvānī, Zayn al-ʻĀbidīn,</subfield><subfield code="d">1780-1837 or 1838</subfield><subfield code="x">Travel.</subfield></datafield><datafield tag="650" ind1=" " ind2="0"><subfield code="a">Manuscripts, Persian</subfield><subfield code="z">Michigan</subfield><subfield code="z">Ann Arbor.</subfield></datafield><datafield tag="651" ind1=" " ind2="0"><subfield code="a">Middle East</subfield><subfield code="x">Description and travel.</subfield></datafield><datafield tag="651" ind1=" " ind2="0"><subfield code="a">Islamic countries</subfield><subfield code="x">Description and travel.</subfield></datafield><datafield tag="700" ind1="1" ind2=" "><subfield code="a">Nuttall, Frank E.,</subfield><subfield code="d">1875-1943,</subfield><subfield code="e">former owner.</subfield></datafield><datafield tag="773" ind1="0" ind2=" "><subfield code="a">F. E. Nuttall Collection.</subfield></datafield><datafield tag="880" ind1="1" ind2="0"><subfield code="6">245-03/</subfield><subfield code="a">حدایق السیاحة</subfield><subfield code="f">[1274ه, 1857م].</subfield></datafield><datafield tag="880" ind1="1" ind2=" "><subfield code="6">100-01/</subfield><subfield code="a">شيروانى، زين العابدين.</subfield></datafield><datafield tag="CID" ind1=" " ind2=" "><subfield code="a">006837416</subfield></datafield><datafield tag="DAT" ind1="0" ind2=" "><subfield code="a">20190719102641.0</subfield><subfield code="b">20190719000000.0</subfield></datafield><datafield tag="DAT" ind1="1" ind2=" "><subfield code="a">20190719090653.0</subfield><subfield code="b">2019-07-19T16:12:32Z</subfield></datafield><datafield tag="DAT" ind1="2" ind2=" "><subfield code="a">2018-03-10T19:00:02Z</subfield></datafield><datafield tag="CAT" ind1=" " ind2=" "><subfield code="a">SDR-MIU</subfield><subfield code="d">EX LIBRIS - ALEPH</subfield><subfield code="l">prepare.pl-004-008</subfield></datafield><datafield tag="FMT" ind1=" " ind2=" "><subfield code="a">BK</subfield></datafield><datafield tag="HOL" ind1=" " ind2=" "><subfield code="0">sdr-miu006837416</subfield><subfield code="a">MiU</subfield><subfield code="b">SDR</subfield><subfield code="c">MIU</subfield><subfield code="p">mdp.39015079132588</subfield><subfield code="s">MIU</subfield><subfield code="1">006837416</subfield></datafield><datafield tag="974" ind1=" " ind2=" "><subfield code="b">MIU</subfield><subfield code="c">MIU</subfield><subfield code="d">20190719</subfield><subfield code="s">lit-dlps-dc</subfield><subfield code="u">mdp.39015079132588</subfield><subfield code="y">1857</subfield><subfield code="r">pd</subfield><subfield code="q">bib</subfield><subfield code="t">non-US bib date1 &lt; 1896</subfield></datafield></record></collection>